@book{chollet-2017-deeplearningpython,
  added-at = {2018-08-01T08:16:18.000+0200},
  author = {Chollet, Fran√ßois},
  biburl = {https://www.bibsonomy.org/bibtex/231f94815ebbd65d3a31e4a69e818573e/jaeschke},
  interhash = {cfbfd3f93853a469e5e6978f61a74a0a},
  intrahash = {31f94815ebbd65d3a31e4a69e818573e},
  isbn = {9781617294433},
  keywords = {ai deeplearning ml},
  month = nov,
  publisher = {Manning},
  timestamp = {2018-08-01T08:16:18.000+0200},
  title = {Deep Learning with Python},
  year = {2017},
}

@article{goyal-2018-deepnlp,
	title={Deep learning for Natural Language Processing},
	author={Goyal, Palash and Pandey, Sumit and Jain, Karan},
	journal={Deep Learning for Natural Language Processing: Creating Neural Networks with Python [Berkeley, CA]: Apress},
	pages={138--143},
	year={2018},
	publisher={Springer}
}

